<record><leader>00000cas a2200000 a 4500</leader><controlfield tag="001">8352085</controlfield><controlfield tag="008">820419d18931913inuwr ne      0   a0eng c</controlfield><datafield ind1=" " ind2=" " tag="010"><subfield code="a">sn 85047772 </subfield></datafield><datafield ind1=" " ind2=" " tag="040"><subfield code="a">EEM</subfield><subfield code="b">eng</subfield><subfield code="c">EEM</subfield><subfield code="d">NPI</subfield><subfield code="d">YOX</subfield><subfield code="d">CRL</subfield><subfield code="d">DLC</subfield><subfield code="d">YOX</subfield><subfield code="d">DLC</subfield><subfield code="d">OCL</subfield><subfield code="d">EYM</subfield><subfield code="d">MHN</subfield><subfield code="d">NVF</subfield><subfield code="d">IUL</subfield><subfield code="d">OCLCG</subfield><subfield code="d">KRTAS</subfield><subfield code="d">OCLCQ</subfield><subfield code="d">OCLCA</subfield><subfield code="d">OCLCQ</subfield><subfield code="d">OCLCO</subfield><subfield code="d">OCLCA</subfield><subfield code="d">OCLCF</subfield></datafield><datafield ind1=" " ind2=" " tag="012"><subfield code="i">9503</subfield></datafield><datafield ind1=" " ind2=" " tag="019"><subfield code="a">21417495</subfield><subfield code="a">23977346</subfield></datafield><datafield ind1="1" ind2=" " tag="029"><subfield code="a">AU@</subfield><subfield code="b">000008888768</subfield></datafield><datafield ind1=" " ind2=" " tag="042"><subfield code="a">pcc</subfield></datafield><datafield ind1=" " ind2="4" tag="050"><subfield code="a">HX1</subfield><subfield code="b">.C56</subfield></datafield><datafield ind1="0" ind2=" " tag="130"><subfield code="a">Coming nation (Greensburg, Ind.)</subfield></datafield><datafield ind1="1" ind2="4" tag="245"><subfield code="a">The coming nation.</subfield></datafield><datafield ind1=" " ind2=" " tag="260"><subfield code="a">Greensburg, Ind. :</subfield><subfield code="b">Coming Nation Pub. Co.,</subfield><subfield code="c">1893-1913.</subfield></datafield><datafield ind1=" " ind2=" " tag="300"><subfield code="a">volumes :</subfield><subfield code="b">illustrations ;</subfield><subfield code="c">38-61 cm</subfield></datafield><datafield ind1=" " ind2=" " tag="310"><subfield code="a">Weekly</subfield></datafield><datafield ind1=" " ind2=" " tag="336"><subfield code="a">text</subfield><subfield code="b">txt</subfield><subfield code="2">rdacontent</subfield></datafield><datafield ind1=" " ind2=" " tag="337"><subfield code="a">unmediated</subfield><subfield code="b">n</subfield><subfield code="2">rdamedia</subfield></datafield><datafield ind1=" " ind2=" " tag="338"><subfield code="a">volume</subfield><subfield code="b">nc</subfield><subfield code="2">rdacarrier</subfield></datafield><datafield ind1="1" ind2=" " tag="362"><subfield code="a">No. 1 (Apr. 29, 1893)-n.s. no. 143 (June 7, 1913).</subfield></datafield><datafield ind1=" " ind2=" " tag="500"><subfield code="a">Published in Tennessee City, Tenn., July 28, 1894-July 11, 1896; Ruskin, Tenn., July 18, 1896-Sept. 16, 1899; Duke, Ga., Sept. 30, 1899-Dec. 30, 1899; Ruskin, Ga., Jan. 6, 1900-&lt;July 27, 1901&gt;; Rich Hill, Mo. &lt;Mar. 22, 1902-Dec. 12, 1903&gt;; Girard, Kan., &lt;Jan. 7, 1911&gt;-Feb. 15, 1913; Chicago, Ill., Feb. 22, 1913-&lt;June 7, 1913&gt;.</subfield></datafield><datafield ind1=" " ind2=" " tag="515"><subfield code="a">Suspended 1903-1910.</subfield></datafield><datafield ind1=" " ind2=" " tag="530"><subfield code="a">Also issued on microfilm from the State Historical Society of Wisconsin.</subfield></datafield><datafield ind1=" " ind2=" " tag="588"><subfield code="a">Description based on: No. 22 (Sept. 23, 1893).</subfield></datafield><datafield ind1=" " ind2="0" tag="650"><subfield code="a">Socialism</subfield><subfield code="v">Newspapers.</subfield></datafield><datafield ind1=" " ind2="7" tag="655"><subfield code="a">Newspapers.</subfield><subfield code="2">fast</subfield><subfield code="0">(OCoLC)fst01423814</subfield></datafield><datafield ind1=" " ind2="7" tag="650"><subfield code="a">Socialism.</subfield><subfield code="2">fast</subfield><subfield code="0">(OCoLC)fst01123637</subfield></datafield><datafield ind1="1" ind2=" " tag="700"><subfield code="a">Simons, A. M.</subfield><subfield code="q">(Algie Martin),</subfield><subfield code="d">1870-1950.</subfield></datafield><datafield ind1="1" ind2=" " tag="700"><subfield code="a">Russell, Charles Edward,</subfield><subfield code="d">1860-1941.</subfield></datafield><datafield ind1="1" ind2=" " tag="700"><subfield code="a">Warren, Fred D.,</subfield><subfield code="d">1872 or 1873-1959.</subfield></datafield><datafield ind1="1" ind2=" " tag="700"><subfield code="a">Wayland, J. A.</subfield><subfield code="q">(Julius Augustus),</subfield><subfield code="d">1854-1912.</subfield></datafield><datafield ind1=" " ind2=" " tag="752"><subfield code="a">United States</subfield><subfield code="b">Illinois</subfield><subfield code="c">Cook</subfield><subfield code="d">Chicago.</subfield></datafield><datafield ind1=" " ind2=" " tag="752"><subfield code="a">United States</subfield><subfield code="b">Indiana</subfield><subfield code="c">Decatur</subfield><subfield code="d">Greensburg.</subfield></datafield><datafield ind1=" " ind2=" " tag="752"><subfield code="a">United States</subfield><subfield code="b">Tennessee</subfield><subfield code="c">Dickson</subfield><subfield code="d">Tennessee City.</subfield></datafield><datafield ind1=" " ind2=" " tag="752"><subfield code="a">United States</subfield><subfield code="b">Tennessee</subfield><subfield code="c">Dickson</subfield><subfield code="d">Ruskin.</subfield></datafield><datafield ind1=" " ind2=" " tag="752"><subfield code="a">United States</subfield><subfield code="b">Georgia</subfield><subfield code="d">Duke.</subfield></datafield><datafield ind1=" " ind2=" " tag="752"><subfield code="a">United States</subfield><subfield code="b">Georgia</subfield><subfield code="d">Ruskin.</subfield></datafield><datafield ind1=" " ind2=" " tag="752"><subfield code="a">United States</subfield><subfield code="b">Missouri</subfield><subfield code="c">Bates</subfield><subfield code="d">Rich Hill.</subfield></datafield><datafield ind1=" " ind2=" " tag="752"><subfield code="a">United States</subfield><subfield code="b">Kansas</subfield><subfield code="c">Crawford</subfield><subfield code="d">Girard.</subfield></datafield><datafield ind1="0" ind2="4" tag="785"><subfield code="t">Appeal to reason (Kansas City, Mo.)</subfield><subfield code="w">(OCoLC)12709512</subfield></datafield><datafield ind1=" " ind2=" " tag="850"><subfield code="a">MiU</subfield></datafield><datafield ind1=" " ind2=" " tag="938"><subfield code="a">Kirtas Technologies, Inc.</subfield><subfield code="b">KRTS</subfield><subfield code="n">735917</subfield></datafield></record>